@Online{poly-fit,
  author  = {{NoneType1 (フランソワ)}},
  date    = {2020-12-22},
  title   = {多項式補間を使用して強震モニタ画像から数値データを決定する},
  url     = {https://qiita.com/NoneType1/items/a4d2cf932e20b56ca444},
  urldate = {2024-10-07},
}

@Online{kmoni-data,
  author  = {ingen084},
  title   = {強震モニタの画像から震度と地点を特定するまで},
  url     = {https://qiita.com/ingen084/items/7e91f8da2996972ac586#fnref2},
  urldate = {2024-10-13},
}

@Online{shake-detection,
  author  = {ingen084},
  date    = {2022-12-14},
  title   = {強震モニタの画像から揺れていることを検知する},
  url     = {https://qiita.com/ingen084/items/82985e8d3227c97c608d},
  urldate = {2024-10-13},
}

@Online{kmoni-nuget-lib,
  author = {ingen084},
  date   = {2020-12-09},
  title  = {【初心者向け】KyoshinMonitorLibチュートリアル},
  url    = {https://qiita.com/ingen084/items/b9961576d1af1b140f10},
}

@Reference{dmdata-api-ref,
  date    = {2024-12-01},
  editor  = {dmdata.jp},
  title   = {API v2},
  url     = {https://dmdata.jp/docs/reference/api/v2/},
  urldate = {2024-12-07},
}

@Reference{dmdata-oauth-ref,
  date    = {2024-12-01},
  editor  = {dmdata.jp},
  title   = {OAuth 2 v1},
  url     = {https://dmdata.jp/docs/reference/oauth2/v1},
  urldate = {2024-12-10},
}

@Reference{dmdata-ws-js,
  date    = {2024-12-01},
  editor  = {dmdata.jp},
  title   = {サンプル JavaScript},
  url     = {https://dmdata.jp/docs/sample/javascript},
  urldate = {2024-12-10},
}

@Dataset{nied-knet-kiknet,
  author = {{National Research Institute for Earth Science and Disaster Resilience}},
  date   = {2019-03-28},
  title  = {NIED K-NET, KiK-net},
  doi    = {https://doi.org/10.17598/nied.0004},
  url    = {http://www.kyoshin.bosai.go.jp/kyoshin/},
}

@Dataset{nied-mowlas,
  author = {{National Research Institute for Earth Science and Disaster Resilience}},
  date   = {2019-03-29},
  title  = {NIED MOWLAS (Monitoring of Waves on Land and Seafloor)},
  doi    = {https://doi.org/10.17598/NIED.0009},
  url    = {http://www.mowlas.bosai.go.jp/mowlas/},
}

@Dataset{nied-hinet,
  author = {{National Research Institute for Earth Science and Disaster Resilience}},
  date   = {2019-02-27},
  title  = {NIED Hi-net},
  doi    = {https://doi.org/10.17598/NIED.0003},
  url    = {https://hinetwww11.bosai.go.jp/auth/download/cont/},
}

@Dataset{nied-fnet,
  author = {{National Research Institute for Earth Science and Disaster Resilience}},
  date   = {2019-03-29},
  title  = {NIED F-net},
  doi    = {https://doi.org/10.17598/NIED.0005},
  url    = {http://www.fnet.bosai.go.jp/auth/dataget/},
}

@Dataset{jma-2001,
  author  = {{Japan Meterological Agency}},
  date    = {2001},
  title   = {JMA2001走時表},
  url     = {https://www.data.jma.go.jp/svd/eqev/data/bulletin/catalog/appendix/trtime/trt_j.html},
  urldate = {2024-10-17},
}

@Reference{jma-2001-format,
  editor  = {{Japan Meterological Agency}},
  title   = {走時表フォーマット},
  url     = {https://www.data.jma.go.jp/svd/eqev/data/bulletin/catalog/appendix/trtime/tttfmt_j.html},
  urldate = {2024-10-17},
}

@Reference{jma-xml-format,
  date    = {2022-12-09},
  editor  = {{Japan Meterological Agency}},
  title   = {気象庁防災情報XMLフォーマット　技術資料},
  url     = {https://xml.kishou.go.jp/tec_material.html},
  urldate = {2024-12-10},
}

@Online{overleaf-minted,
  author  = {Overleaf},
  title   = {Code Highlighting with minted},
  url     = {https://www.overleaf.com/learn/latex/Code_Highlighting_with_minted},
  urldate = {2024-10-14},
}

@Reference{pydocs-pil,
  date    = {1995},
  editor  = {Fredrik Lundh and Jeffrey A. Clark and et al.},
  title   = {Pillow (PIL Fork) 11.0.0 documentation},
  url     = {https://pillow.readthedocs.io/en/stable/},
  urldate = {2024-10-07},
}

@Reference{pydocs-mpl,
  date    = {2002},
  editor  = {John Hunter and Darren Dale and Eric Firing and Michael Droettboom and {Matplotlib development team}},
  title   = {Matplotlib 3.9.3 documentation},
  url     = {https://matplotlib.org/stable/index.html},
  urldate = {2024-10-07},
}

@Reference{pydocs-scipy,
  date    = {2008},
  editor  = {{SciPy community}},
  title   = {SciPy documentation},
  url     = {https://docs.scipy.org/doc/scipy/},
  urldate = {2024-10-14},
}

@Online{overleaf-biblatex,
  author  = {Overleaf},
  title   = {Bibliography management with biblatex},
  url     = {https://www.overleaf.com/learn/latex/Bibliography_management_with_biblatex},
  urldate = {2024-12-10},
}

@Article{jabref,
  author  = {Oliver Kopp and Carl Christian Snethlage and Christoph Schwentker},
  title   = {JabRef: BibTeX-based literature management software},
  doi     = {10.47397/tb/44-3/tb138kopp-jabref},
  issn    = {0896-3207},
  issue   = {138},
  number  = {3},
  pages   = {441--447},
  volume  = {44},
  journal = {TUGboat},
  year    = {2023},
}

@Software{drawio,
  author  = {JGraph},
  title   = {diagrams.net, draw.io},
  url     = {https://www.diagrams.net/},
  version = {15.5.2},
  year    = {2021},
  month   = {10},
  license = {Apache-2.0},
}

@Online{stackoverflow-free-port,
  author  = {TheSeeker},
  date    = {2008-09-29},
  title   = {Find the next TCP port in .NET},
  url     = {https://stackoverflow.com/a/150974/},
  urldate = {2024-12-03},
}

@Reference{net-json,
  date    = {2023-10-25},
  editor  = {gewarren and BillWagner},
  title   = {JSON serialization and deserialization (marshalling and unmarshalling) in .NET - overview},
  url     = {https://learn.microsoft.com/en-us/dotnet/standard/serialization/system-text-json/overview},
  urldate = {2024-12-01},
}

@Online{cal-2020,
  author  = {こんぽ},
  date    = {2020},
  title   = {地震界隈 Advent Calendar 2020},
  url     = {https://adventar.org/calendars/5903},
  urldate = {2024-10-15},
}

@Online{cal-2021,
  author  = {こんぽ},
  date    = {2021},
  title   = {地震情報アプリ界隈 Advent Calendar 2021},
  url     = {https://adventar.org/calendars/6729},
  urldate = {2024-10-15},
}

@Online{cal-2022,
  author  = {こんぽ},
  date    = {2022},
  title   = {防災アプリ Advent Calendar 2022},
  url     = {https://adventar.org/calendars/7488},
  urldate = {2024-10-15},
}

@Online{cal-2023,
  author  = {こんぽ},
  date    = {2023},
  title   = {防災アプリ開発 Advent Calendar 2023},
  url     = {https://adventar.org/calendars/9301},
  urldate = {2024-10-15},
}

@Online{cal-2024,
  author  = {こんぽ},
  date    = {2024},
  title   = {防災アプリ開発 Advent Calendar 2024},
  url     = {https://adventar.org/calendars/9939},
  urldate = {2024-12-10},
}

@Comment{jabref-meta: databaseType:biblatex;}
