@Reference{dmdata-sample-websocket-javascript,
  date    = {2024-12-01},
  editor  = {dmdata.jp},
  title   = {サンプル JavaScript},
  url     = {https://dmdata.jp/docs/sample/javascript},
  urldate = {2024-12-10},
}

@Reference{dmdata-references-api,
  date    = {2024-12-01},
  editor  = {dmdata.jp},
  title   = {API v2},
  url     = {https://dmdata.jp/docs/reference/api/v2/},
  urldate = {2024-12-07},
}

@Reference{dmdata-references-oauth,
  date    = {2024-12-01},
  editor  = {dmdata.jp},
  title   = {OAuth 2 v1},
  url     = {https://dmdata.jp/docs/reference/oauth2/v1},
  urldate = {2024-12-10},
}

@Dataset{jma-timetable-2001,
  author  = {{気象庁 / Japan Meterological Agency}},
  date    = {2001},
  title   = {JMA2001走時表},
  url     = {https://www.data.jma.go.jp/svd/eqev/data/bulletin/catalog/appendix/trtime/trt_j.html},
  urldate = {2024-10-17},
}

@Reference{jma-timetable-format,
  editor  = {{気象庁 / Japan Meterological Agency}},
  title   = {走時表フォーマット / Time Table Format},
  url     = {https://www.data.jma.go.jp/svd/eqev/data/bulletin/catalog/appendix/trtime/tttfmt_j.html},
  urldate = {2024-10-17},
}

@Reference{jma-xml-format,
  date    = {2022-12-09},
  editor  = {{気象庁 / Japan Meterological Agency}},
  title   = {気象庁防災情報XMLフォーマット　技術資料},
  url     = {https://xml.kishou.go.jp/tec_material.html},
  urldate = {2024-12-10},
}

@Dataset{nied-f-net,
  author = {{防災科研 / National Research Institute for Earth Science and Disaster Resilience}},
  date   = {2019-03-29},
  title  = {NIED F-net},
  doi    = {https://doi.org/10.17598/NIED.0005},
  url    = {http://www.fnet.bosai.go.jp/auth/dataget/},
}

@Dataset{nied-hi-net,
  author = {{防災科研 / National Research Institute for Earth Science and Disaster Resilience}},
  date   = {2019-02-27},
  title  = {NIED Hi-net},
  doi    = {https://doi.org/10.17598/NIED.0003},
  url    = {https://hinetwww11.bosai.go.jp/auth/download/cont/},
}

@Dataset{nied-k-kik-net,
  author = {{防災科研 / National Research Institute for Earth Science and Disaster Resilience}},
  date   = {2019-03-28},
  title  = {NIED K-NET, KiK-net},
  doi    = {https://doi.org/10.17598/nied.0004},
  url    = {http://www.kyoshin.bosai.go.jp/kyoshin/},
}

@Dataset{nied-mowlas,
  author = {{防災科研 / National Research Institute for Earth Science and Disaster Resilience}},
  date   = {2019-03-29},
  title  = {NIED MOWLAS (Monitoring of Waves on Land and Seafloor)},
  doi    = {https://doi.org/10.17598/NIED.0009},
  url    = {http://www.mowlas.bosai.go.jp/mowlas/},
}

@Reference{dmdata-guidance-eew,
  date    = {2025-02-07},
  editor  = {dmdata.jp},
  title   = {EEWについて},
  url     = {https://dmdata.jp/docs/eew/},
  urldate = {2025-03-10},
}

@Reference{dmdata-references-json,
  date    = {2025-02-07},
  editor  = {dmdata.jp},
  title   = {JSON化データについて},
  url     = {https://dmdata.jp/docs/reference/conversion/json/},
  urldate = {2025-03-10},
}

@Reference{jma-colour-guidance,
  date    = {2020-07},
  editor  = {{気象庁 / Japan Meterological Agency}},
  title   = {気象庁ホームページにおける気象情報の配色に関する設定指針},
  url     = {https://www.jma.go.jp/jma/kishou/info/colorguide/HPColorGuide_202007.pdf},
  urldate = {2025-03-10},
}

@Dataset{nied-k-kik-net-observation-points,
  author  = {{防災科研 / National Research Institute for Earth Science and Disaster Resilience}},
  title   = {K-NET \& KiK-net: 観測点一覧},
  url     = {https://www.kyoshin.bosai.go.jp/kyoshin/db/index.html},
  urldate = {2025-03-10},
}

@Reference{dmdata-references-telegram,
  date    = {2025-02-17},
  editor  = {dmdata.jp},
  title   = {電文データ 配信データの区分},
  url     = {https://dmdata.jp/docs/telegrams/},
  urldate = {2025-03-10},
}

@Dataset{dmdata-sample,
  author  = {{気象庁 / Japan Meterological Agency} and dmdata.jp},
  title   = {Sample Data},
  url     = {https://sample.dmdata.jp/},
  urldate = {2025-03-10},
}

@Comment{jabref-meta: databaseType:biblatex;}
