@Software{mapsui-github,
  author  = {Mapsui},
  title   = {Mapsui},
  url     = {https://github.com/Mapsui/Mapsui},
  version = {5.0.0 Beta 9},
  year    = {2025},
  date    = {2025-03-10},
  license = {MIT},
}

@Reference{mapsui-logging,
  editor  = {Mapsui},
  title   = {Logging},
  url     = {https://mapsui.com/documentation/logging.html},
  urldate = {2025-03-10},
}

@Reference{mapsui-projections,
  editor  = {Mapsui},
  title   = {Projections},
  url     = {https://mapsui.com/documentation/projections.html},
  urldate = {2025-03-10},
}

@Reference{mapsui-api,
  editor  = {Mapsui},
  title   = {API},
  url     = {https://mapsui.com/v5/api/Mapsui.html},
  urldate = {2025-03-10},
}

@Reference{mapsui-samples,
  editor  = {Mapsui},
  title   = {Mapsui Samples},
  url     = {https://mapsui.com/samples/},
  urldate = {2025-03-10},
}

@Reference{mapsui-v5-samples,
  editor  = {Mapsui},
  title   = {Mapsui Samples},
  url     = {https://mapsui.com/v5/samples/},
  urldate = {2025-03-10},
}

@Reference{avalonia-docs,
  editor  = {Avalonia},
  title   = {Avalonia Docs},
  url     = {https://docs.avaloniaui.net/docs/welcome},
  urldate = {2025-03-10},
}

@Reference{avalonia-controls,
  editor  = {Avalonia},
  title   = {Built-in Controls},
  url     = {https://docs.avaloniaui.net/docs/reference/controls/},
  urldate = {2025-03-10},
}

@Dataset{avalonia-fluent-icons,
  author  = {Avalonia},
  title   = {Fluent Icons for Avalonia},
  url     = {https://avaloniaui.github.io/icons.html},
  urldate = {2025-03-10},
}

@Reference{avalonia-localising,
  editor  = {Avalonia},
  title   = {Localizing using ResX},
  url     = {https://docs.avaloniaui.net/docs/guides/implementation-guides/localizing},
  urldate = {2025-03-10},
}

@Reference{avalonia-custom-converter,
  editor  = {Avalonia},
  title   = {How to Create a Custom Data Binding Converter},
  url     = {https://docs.avaloniaui.net/docs/guides/data-binding/how-to-create-a-custom-data-binding-converter},
  urldate = {2025-03-10},
}

@Reference{avalonia-inotifypropertychanged,
  editor  = {Avalonia},
  title   = {How to use INotifyPropertyChanged},
  url     = {https://docs.avaloniaui.net/docs/guides/data-binding/inotifypropertychanged},
  urldate = {2025-03-10},
}

@Reference{avalonia-logging,
  editor  = {Avalonia},
  title   = {How To Log Errors and Warnings},
  url     = {https://docs.avaloniaui.net/docs/guides/implementation-guides/logging-errors-and-warnings},
  urldate = {2025-03-10},
}

@Reference{avalonia-design-time-data,
  editor  = {Avalonia},
  title   = {How To Use Design-time Data},
  url     = {https://docs.avaloniaui.net/docs/guides/implementation-guides/how-to-use-design-time-data},
  urldate = {2025-03-10},
}

@Comment{jabref-meta: databaseType:biblatex;}
