@Reference{dotnet-reference-clientwebsocket,
  editor  = {Microsoft},
  title   = {ClientWebSocket Class},
  url     = {https://learn.microsoft.com/en-us/dotnet/api/system.net.websockets.clientwebsocket?view=net-9.0},
  urldate = {2024-11-22},
}

@Reference{dotnet-reference-httpclient,
  editor  = {Microsoft},
  title   = {HttpClient Class},
  url     = {https://learn.microsoft.com/en-us/dotnet/api/system.net.http.httpclient?view=net-9.0},
  urldate = {2024-12-01},
}

@Reference{dotnet-reference-httplistener,
  editor  = {Microsoft},
  title   = {HttpListener Class},
  url     = {https://learn.microsoft.com/en-us/dotnet/api/system.net.httplistener?view=net-9.0},
  urldate = {2024-12-01},
}

@Reference{dotnet-reference-httprequest,
  editor  = {Microsoft},
  title   = {HttpRequest Class},
  url     = {https://learn.microsoft.com/en-us/dotnet/api/system.net.http.httprequestmessage?view=net-9.0},
  urldate = {2024-12-01},
}

@Reference{dotnet-reference-httprequestmessage,
  editor  = {Microsoft},
  title   = {HttpRequestMessage Class},
  url     = {https://learn.microsoft.com/en-us/dotnet/api/system.net.http.httprequestmessage?view=net-9.0},
  urldate = {2024-12-01},
}

@Reference{dotnet-reference-uri,
  editor  = {Microsoft},
  title   = {Uri Class},
  url     = {https://learn.microsoft.com/en-us/dotnet/api/system.uri?view=net-9.0},
  urldate = {2024-12-01},
}

@Reference{dotnet-reference-uribuilder,
  editor  = {Microsoft},
  title   = {UriBuilder Class},
  url     = {https://learn.microsoft.com/en-us/dotnet/api/system.uribuilder?view=net-9.0},
  urldate = {2024-12-01},
}

@Reference{dotnet-tutorial-configuration,
  date    = {2024-10-09},
  editor  = {{IEvangelist} and {preardon} and {ericmutta} and {gewarren} and {MSDN-WhiteKnight} and {mairaw} and {lexey-evergreen}},
  title   = {Configuration in .NET},
  url     = {https://learn.microsoft.com/en-us/dotnet/core/extensions/configuration},
  urldate = {2025-03-09},
}

@Reference{dotnet-tutorial-documentation-comments,
  date    = {2023-06-15},
  editor  = {{BillWagner} and {Lamparter} and {IEvangelist} and {MatsM16} and {klu235} and {gewarren}},
  title   = {Documentation comments},
  url     = {https://learn.microsoft.com/en-us/dotnet/csharp/language-reference/xmldoc/},
  urldate = {2024-12-10},
}

@Reference{dotnet-tutorial-httpclient,
  date    = {2025-03-08},
  editor  = {{IEvangelist} and {GitHubber17} and {warrenZY} and {ManickaP} and {wenz} and {antonfirsov} and {gewarren}},
  title   = {Make HTTP requests with the HttpClient class},
  url     = {https://learn.microsoft.com/en-us/dotnet/fundamentals/networking/http/httpclient},
  urldate = {2025-03-10},
}

@Reference{dotnet-tutorial-json,
  date    = {2023-10-25},
  editor  = {{gewarren} and {BillWagner}},
  title   = {JSON serialization and deserialization (marshalling and unmarshalling) in .NET},
  url     = {https://learn.microsoft.com/en-us/dotnet/standard/serialization/system-text-json/overview},
  urldate = {2024-12-01},
}

@Reference{dotnet-tutorial-logging,
  date    = {2024-07-17},
  editor  = {{IEvangelist} and {gewarren} and {Nothing-Works} and {PawelAdamczuk} and {Rageking8} and {reyang} and {Nikanoras} and {BillWanger} and {noahfalk} and {cijothomas} and {gfoidl} and {tdykstra} and {GitHubPang} and {Youssef1313} and {skrysmanski} and {th-wyns} and {nschonni}},
  title   = {Logging in C\# and .NET},
  url     = {https://learn.microsoft.com/en-us/dotnet/core/extensions/logging},
  urldate = {2025-03-09},
}

@Reference{dotnet-tutorial-events,
  date    = {2022-10-04},
  editor  = {{IEvangelist} and {poojapoojari} and {Benio101} and {BillWagner} and {gewarren} and {DCtheGeek} and {DennisLee-DennisLee} and {nschonni} and {mairaw} and {pzhlkj6612} and {nxtn} and {AryanMSDocs} and {nemrism} and {mikeblome} and {pkulikov} and {xaviex} and {Mikejo5000} and {mjhoffman65} and {guardrex} and {tompratt-AQ} and {yishengjin1413}},
  title   = {Handle and raise events},
  url     = {https://learn.microsoft.com/en-us/dotnet/standard/events/},
  urldate = {2024-03-10},
}

@Reference{dotnet-tutorial-exception,
  date    = {2021-09-15},
  editor  = {{gewarren} and {Youssef1313} and {BillWagner} and {DennisLee-DennisLee} and {mairaw} and {nxtn} and {nemrism} and {Mikejo5000} and {guardrex} and {tompratt-AQ} and {tdykstra} and {yishengjin1413}},
  title   = {Handling and throwing exceptions in .NET},
  url     = {https://learn.microsoft.com/en-us/dotnet/standard/exceptions/},
  urldate = {2025-03-10},
}

@Reference{dotnet-tutorial-dependency-injection,
  date    = {2024-07-18},
  editor  = {{IEvangelist} and {ericmutta} and {benjaminpetit} and {dotnetjunkie} and {mahab339} and {ddobric} and {kosta-arnorsky} and {Rick-Anderson} and {gewarren} and {xp44mm} and {oneolddev}},
  title   = {.NET dependency injection},
  url     = {https://learn.microsoft.com/en-us/dotnet/core/extensions/dependency-injection},
  urldate = {2025-03-10},
}

@Reference{dotnet-reference-methodinfo,
  editor  = {Microsoft},
  title   = {MethodInfo Class},
  url     = {https://learn.microsoft.com/en-us/dotnet/api/system.reflection.methodinfo?view=net-9.0},
  urldate = {2025-03-10},
}

@Reference{dotnet-reference-getmethods,
  editor  = {Microsoft},
  title   = {Type.GetMethods Method},
  url     = {https://learn.microsoft.com/en-us/dotnet/api/system.type.getmethods?view=net-9.0},
  urldate = {2025-03-10},
}

@Reference{dotnet-reference-bindingflags,
  editor  = {Microsoft},
  title   = {BindingFlags Enum},
  url     = {https://learn.microsoft.com/en-us/dotnet/api/system.reflection.bindingflags?view=net-9.0},
  urldate = {2025-03-10},
}

@Reference{dotnet-tutorial-mvvm-toolkit,
  date    = {2024-11-07},
  editor  = {{Sergio0694} and {niels9001} and {michael-hawker}},
  title   = {Introduction to the MVVM Toolkit},
  url     = {https://learn.microsoft.com/en-us/dotnet/communitytoolkit/mvvm/},
  urldate = {2025-03-10},
}

@Comment{jabref-meta: databaseType:biblatex;}
