@online{blog-jquake-poly-fit,
  author  = {{NoneType1 (フランソワ)}},
  date    = {2020-12-22},
  title   = {多項式補間を使用して強震モニタ画像から数値データを決定する},
  url     = {https://qiita.com/NoneType1/items/a4d2cf932e20b56ca444},
  urldate = {2024-10-07}
}

@online{blog-ingen-kmoni-data,
  author  = {ingen084},
  date    = {2020-12-02},
  title   = {強震モニタの画像から震度と地点を特定するまで},
  url     = {https://qiita.com/ingen084/items/7e91f8da2996972ac586#fnref2},
  urldate = {2024-10-13}
}

@online{blog-ingen-shake-detection,
  author  = {ingen084},
  date    = {2022-12-14},
  title   = {強震モニタの画像から揺れていることを検知する},
  url     = {https://qiita.com/ingen084/items/82985e8d3227c97c608d},
  urldate = {2024-10-13}
}

@online{blog-ingen-kmoni-nuget-lib,
  author = {ingen084},
  date   = {2020-12-09},
  title  = {【初心者向け】KyoshinMonitorLibチュートリアル},
  url    = {https://qiita.com/ingen084/items/b9961576d1af1b140f10}
}

@online{overleaf-minted,
  author  = {Overleaf},
  title   = {Code Highlighting with minted},
  url     = {https://www.overleaf.com/learn/latex/Code_Highlighting_with_minted},
  urldate = {2024-10-14}
}

@reference{pydocs-pil,
  date    = {1995},
  editor  = {Fredrik Lundh and Jeffrey A. Clark and et al.},
  title   = {Pillow (PIL Fork) 11.0.0 documentation},
  url     = {https://pillow.readthedocs.io/en/stable/},
  urldate = {2024-10-07}
}

@reference{pydocs-mpl,
  date    = {2002},
  editor  = {John Hunter and Darren Dale and Eric Firing and Michael Droettboom and {Matplotlib development team}},
  title   = {Matplotlib 3.9.3 documentation},
  url     = {https://matplotlib.org/stable/users/index.html},
  urldate = {2024-10-07}
}

@reference{pydocs-scipy,
  date    = {2008},
  editor  = {{SciPy community}},
  title   = {SciPy documentation},
  url     = {https://docs.scipy.org/doc/scipy/},
  urldate = {2024-10-14}
}

@online{overleaf-biblatex,
  author  = {Overleaf},
  title   = {Bibliography management with biblatex},
  url     = {https://www.overleaf.com/learn/latex/Bibliography_management_with_biblatex},
  urldate = {2024-12-10}
}

@software{soft-drawio,
  author  = {JGraph},
  title   = {diagrams.net, draw.io},
  url     = {https://www.diagrams.net/},
  version = {15.5.2},
  year    = {2021},
  license = {Apache-2.0}
}

@software{soft-balsamiq,
  title   = {Balsamiq},
  url     = {https://balsamiq.com},
  version = {4.8.0},
  year    = {2024}
}

@online{stackoverflow-free-port,
  author  = {TheSeeker},
  date    = {2008-09-29},
  title   = {Find the next TCP port in .NET},
  url     = {https://stackoverflow.com/a/150974/},
  urldate = {2024-12-03}
}

@online{cal-2020,
  author  = {こんぽ},
  date    = {2020},
  title   = {地震界隈 Advent Calendar 2020},
  url     = {https://adventar.org/calendars/5903},
  urldate = {2024-10-15}
}

@online{cal-2021,
  author  = {こんぽ},
  date    = {2021},
  title   = {地震情報アプリ界隈 Advent Calendar 2021},
  url     = {https://adventar.org/calendars/6729},
  urldate = {2024-10-15}
}

@online{cal-2022,
  author  = {こんぽ},
  date    = {2022},
  title   = {防災アプリ Advent Calendar 2022},
  url     = {https://adventar.org/calendars/7488},
  urldate = {2024-10-15}
}

@online{cal-2023,
  author  = {こんぽ},
  date    = {2023},
  title   = {防災アプリ開発 Advent Calendar 2023},
  url     = {https://adventar.org/calendars/9301},
  urldate = {2024-10-15}
}

@online{cal-2024,
  author  = {こんぽ},
  date    = {2024},
  title   = {防災アプリ開発 Advent Calendar 2024},
  url     = {https://adventar.org/calendars/9939},
  urldate = {2024-12-10}
}

@online{stackoverflow-ws-buffer-size,
  author  = {Matthias247},
  date    = {2017-01-29},
  editor  = {Johan},
  title   = {Choosing a buffer size for a WebSocket response},
  url     = {https://stackoverflow.com/a/41926694},
  urldate = {2024-11-22}
}

@online{stackoverflow-websocket-demo,
  author  = {FloriUni},
  date    = {2021-01-17},
  title   = {Create a client websocket based console app},
  url     = {https://stackoverflow.com/a/65761228},
  urldate = {2024-11-22}
}

@online{stackoverflow-websocket-demo-2,
  author  = {Harry},
  date    = {2020-08-25},
  editor  = {kevinarpe},
  title   = {Connecting to websocket using C{\#} (I can connect using JavaScript, but C{\#} gives Status code 200 error)},
  url     = {https://stackoverflow.com/a/63574016},
  urldate = {2024-11-22}
}

@online{blog-iarocci-pkce-code-challenge-encoding,
  author  = {Nicola Iarocci},
  date    = {2024-01-17},
  title   = {How to implement a PKCE code challenge in C{\#}},
  url     = {https://nicolaiarocci.com/how-to-implement-pkce-code-challenge-in-csharp/},
  urldate = {2024-01-01}
}

@online{stackoverflow-launch-browser-page,
  author  = {YoryeNathan},
  date    = {2020-04-04},
  title   = {Process.Start(url) fails},
  url     = {https://stackoverflow.com/a/61035650/},
  urldate = {2024-12-01}
}

@article{soft-jabref,
  author  = {Oliver Kopp and Carl Christian Snethlage and Christoph Schwentker},
  title   = {JabRef: BibTeX-based literature management software},
  doi     = {10.47397/tb/44-3/tb138kopp-jabref},
  issn    = {0896-3207},
  issue   = {138},
  number  = {3},
  pages   = {441--447},
  volume  = {44},
  journal = {TUGboat},
  year    = {2023}
}

@online{gpt-websocket,
  author  = {{OpenAI ChatGPT-4o}},
  date    = {2024-11-22},
  title   = {Response on Connecting to a WebSocket in C{\#}},
  url     = {https://openai.com/chatgpt},
  urldate = {2024-11-22}
}

@software{soft-quarog,
  author = {Fuku123},
  title  = {Quarog},
  url    = {https://fuku1213.github.io/quarog-site/},
  date   = {2023}
}

@software{soft-jquake,
  author = {{François LN}},
  title  = {JQuake},
  url    = {https://jquake.net/},
  date   = {2023}
}

@software{soft-srev,
  author  = {kotoho7},
  title   = {リアルタイム地震ビューアー},
  url     = {https://kotoho7.github.io/scratch-realtime-earthquake-viewer-page/},
  date    = {2024},
  version = {1.6.3}
}

@software{soft-srev-github,
  author  = {kotoho7},
  title   = {リアルタイム地震ビューアー},
  url     = {https://github.com/kotoho7/scratch-realtime-earthquake-viewer-page/},
  date    = {2024},
  version = {1.6.3}
}

@software{soft-kevi,
  author  = {ingen084},
  title   = {KyoshinEewViewerIngen},
  url     = {https://svs.ingen084.net/kyoshineewviewer/},
  date    = {2025},
  version = {0.19.14}
}

@software{soft-kevi-github,
  author  = {ingen084},
  title   = {KyoshinEewViewerIngen},
  url     = {https://github.com/ingen084/KyoshinEewViewerIngen},
  date    = {2025},
  version = {0.19.14},
  license = {MIT}
}

@software{soft-mapshaper,
  author  = {Matthew Bloch},
  title   = {mapshaper},
  url     = {https://mapshaper.org/},
  date    = {2025},
  license = {Mozilla PublicLicense},
  license = {Apache-2.0}
}

@software{soft-kyoshin-shindo-place-editor,
  author  = {ingen084},
  title   = {KyoshinShindoPlaceEditor},
  url     = {https://github.com/ingen084/KyoshinShindoPlaceEditor/},
  version = {0.0.6.0},
  year    = {2018}
}

@software{soft-kyoshin-monitor-lib,
  author  = {ingen084},
  title   = {KyoshinMonitorLib},
  url     = {https://github.com/ingen084/KyoshinMonitorLib/},
  version = {0.4.0.0},
  year    = {2021},
  license = {MIT}
}

@software{soft-dmdata-sharp,
  author  = {ingen084},
  title   = {DmdataSharp},
  url     = {https://github.com/ingen084/DmdataSharp/},
  year    = {2023},
  license = {MIT}
}

@dataset{soft-kyoshin-data,
  author  = {ingen084},
  date    = {2024},
  title   = {ShindoObsPoints.mpk.lz4},
  url     = {https://github.com/ingen084/KyoshinEewViewerIngen/blob/develop/src/KyoshinEewViewer/Assets/ShindoObsPoints.mpk.lz4},
  urldate = {2025-03-08}
}

@software{tutorial-avalonia-github,
  author = {MammaMiaDev},
  title  = {avalonia-the-series},
  url    = {https://github.com/MammaMiaDev/avaloniaui-the-series},
  year   = {2024}
}

@software{tutorial-mapsui-github,
  author = {Eli\'an Aparicio},
  title  = {DemoMapsui},
  url    = {https://github.com/dev-elian/DemoMapsui},
  date   = {2024}
}

@online{tutorial-mapsui-youtube,
  author  = {Eli\'an Aparicio},
  date    = {2024-07-03},
  title   = {MVVM with Mapsui | Maps with .NET},
  url     = {https://www.youtube.com/watch?v=5zcDIxUsV_Y},
  urldate = {2025-03-10}
}

@online{tutorial-avalonia-youtube,
  author  = {{Mamma Mia Dev}},
  date    = {2024-07-03},
  title   = {Avalonia UI - 03 - Sidebar Menu},
  url     = {https://www.youtube.com/watch?v=UDbKVheMBY8},
  urldate = {2025-03-10}
}

@Comment{jabref-meta: databaseType:biblatex;}
